@book{goll2014architektur,
  title={Architektur- und Entwurfsmuster der Softwaretechnik: Mit lauff{\"a}higen Beispielen in Java},
  author={Goll, J.},
  isbn={9783658055325},
  series={SpringerLink : B{\"u}cher},
  url={https://books.google.de/books?id=ALohBAAAQBAJ},
  year={2014},
  publisher={Springer Fachmedien Wiesbaden}
}

@misc{ wiki:lsp,
   author = "Wikipedia",
   title = "Liskovsches Substitutionsprinzip --- Wikipedia{,} Die freie Enzyklopädie",
   year = "2016",
   url = "https://de.wikipedia.org/wiki/Liskovsches_Substitutionsprinzip",
   urldate = "{2016-12-07}"
}

 @misc{ wiki:dip,
   author = "Wikipedia",
   title = "Dependency-Inversion-Prinzip --- Wikipedia{,} Die freie Enzyklopädie",
   year = "2016",
   url = "\url{https://de.wikipedia.org/w/index.php?title=Dependency-Inversion-Prinzip&oldid=160639531}",
   note = "[Online; Stand 19. Januar 2017]"
 }


@online{controlsfx,
	language = {englisch},
	hyphenation = {englisch},
	author = {Jonathan Giles},
	title = {ControlsFX},
	year = {seit mindestens 2013},
	url = {http://fxexperience.com/controlsfx/},
	urldate = {2016-12-13},
}

@misc{ wiki:solid,
   author = "Wikipedia",
   title = "Prinzipien objektorientierten Designs --- Wikipedia{,} Die freie Enzyklopädie",
   year = "2016",
   url = "https://de.wikipedia.org/w/index.php?title=Prinzipien_objektorientierten_Designs&oldid=158777398",
   note = "[Online; Stand 13. Dezember 2016]"
 }


@online{itDesignersSOLID,
	language = {deutsch},
	hyphenation = {deutsch},
	author = {Just, M. and Dausmann, M. and Goll, J. },
	title = {Stabile und evolvierbare Software durch Einhaltung der SOLID-Prinzipien},
	year = {2015},
	url = {http://www.itdesignersgruppe.com/fileadmin/Inhalte/Studentenportal/Die_SOLID-Prinzipien__Text___1_.pdf},
	urldate = {2016-12-07},
}



@book{goll2014architektur,
  title={Architektur- und Entwurfsmuster der Softwaretechnik: Mit lauff{\"a}higen Beispielen in Java},
  author={Goll, J.},
  isbn={9783658055325},
  series={SpringerLink : B{\"u}cher},
  url={https://books.google.de/books?id=ALohBAAAQBAJ},
  year={2014},
  publisher={Springer Fachmedien Wiesbaden}
}

@online{wikiSRP,
	language = {english},
	hyphenation = {english},
	author = {Wikipedia},
	title = {Single responsibility principle},
	year = {2016},
	url = {https://en.wikipedia.org/wiki/Single_responsibility_principle},
	urldate = {2016-12-07},
}
	

@misc{ wiki:isp,
   author = "Wikipedia",
   title = "Interface-Segregation-Prinzip --- Wikipedia{,} Die freie Enzyklopädie",
   year = "2016",
   url = "https://de.wikipedia.org/w/index.php?title=Interface-Segregation-Prinzip&oldid=149720499",
   urldate = "{2016-12-07}"
 }
 
@misc{ wiki:lsp,
   author = "Wikipedia",
   title = "Liskovsches Substitutionsprinzip --- Wikipedia{,} Die freie Enzyklopädie",
   year = "2016",
   url = "https://de.wikipedia.org/wiki/Liskovsches_Substitutionsprinzip",
   urldate = "{2016-12-07}"
}
 
@book{martin,
  title={Agile Software Development, Principles, Patterns, and Practices},
  author={Martin, Robert C.},
  isbn={9780135974445},
  year={2003},
  publisher={Prentice Hall}
}
 
@online{imgSRP,
    language = {english},
    hyphenation = {english},
    author = {stg-tud.github.io},
    title = {Single responsibility principle},
    year = {2016},
    url = {http://stg-tud.github.io/sedc/Lecture/ws13-14/Images/SRP-TwoRectangleClasses.png},
    urldate = {2016-12-07},
}

@book{knoernschild2002java,
  title={Java Design: Objects, UML, and Process},
  author={Knoernschild, K.},
  isbn={9780201750447},
  lccn={2001053552},
  url={https://books.google.de/books?id=4pjbgVHzomsC},
  year={2002},
  publisher={Addison-Wesley}
}

@book{spencer2015reliable,
  title={Reliable JavaScript: How to Code Safely in the World's Most Dangerous Language},
  author={Spencer, L. and Richards, S.},
  isbn={9781119028734},
  url={https://books.google.de/books?id=ABizCQAAQBAJ},
  year={2015},
  publisher={Wiley}
}